%% Papers about neural networks design
@article{he2016deep_resnetv1,
  title     = {Deep residual learning for image recognition},
  author    = {He, Kaiming and Zhang, Xiangyu and Ren, Shaoqing and Sun, Jian},
  booktitle = {Proceedings of the IEEE conference on computer vision and pattern recognition},
  pages     = {770--778},
  year      = {2016}
}

@article{he2016identity_resnetv2,
  title        = {Identity mappings in deep residual networks},
  author       = {He, Kaiming and Zhang, Xiangyu and Ren, Shaoqing and Sun, Jian},
  booktitle    = {European conference on computer vision},
  pages        = {630--645},
  year         = {2016},
  organization = {Springer}
}

@article{lin2020neural_genet,
  title   = {Neural Architecture Design for GPU-Efficient Networks},
  author  = {Lin, Ming and Chen, Hesen and Sun, Xiuyu and Qian, Qi and Li, Hao and Jin, Rong},
  journal = {arXiv preprint arXiv:2006.14090},
  year    = {2020}
}

@article{farhadi2018yolov3_darknet,
  title   = {Yolov3: An incremental improvement},
  author  = {Farhadi, Ali and Redmon, Joseph},
  journal = {Computer Vision and Pattern Recognition, cite as},
  year    = {2018}
}

@inproceedings{ridnik2021_tresnet,
  title     = {Tresnet: High performance gpu-dedicated architecture},
  author    = {Ridnik, Tal and Lawen, Hussam and Noy, Asaf and Ben Baruch, Emanuel and Sharir, Gilad and Friedman, Itamar},
  booktitle = {Proceedings of the IEEE/CVF Winter Conference on Applications of Computer Vision},
  pages     = {1400--1409},
  year      = {2021}
}

@article{zhou2020_rethinking,
  title   = {Rethinking bottleneck structure for efficient mobile network design},
  author  = {Zhou, Daquan and Hou, Qibin and Chen, Yunpeng and Feng, Jiashi and Yan, Shuicheng},
  journal = {ECCV, August},
  volume  = {2},
  year    = {2020}
}

@inproceedings{wang2020_cspnet,
  title     = {CSPNet: A new backbone that can enhance learning capability of CNN},
  author    = {Wang, Chien-Yao and Liao, Hong-Yuan Mark and Wu, Yueh-Hua and Chen, Ping-Yang and Hsieh, Jun-Wei and Yeh, I-Hau},
  booktitle = {Proceedings of the IEEE/CVF conference on computer vision and pattern recognition workshops},
  pages     = {390--391},
  year      = {2020}
}

